@article{BerBoyFau17,
  author = "J. Berthomieu and B. Boyer and J.-C. Faug\`ere",
  title = "Linear algebra for computing {G}r{\"o}bner bases of linear recursive multidimensional sequences",
  journal = "J. Symbolic Comput.",
  volume = "83",
  pages = "36--67",
  year = "2017",
  doiOPT = "https://doi.org/10.1016/j.jsc.2016.11.005",
}

@article{FaMo17,
	Author = {Faug{\`e}re, J.-C. and Mou, C.},
	Journal = {J. Symbolic Comput.},
	Pages = {538--569},
	Title = {Sparse {FGLM} algorithms},
	Volume = {80(3)},
	Year = {2017}}

@article{FaGiLaMo93,
	Author = {J.-C. Faug\`ere and P. Gianni and D. Lazard and T. Mora},
	Journal = {J. Symbolic Comput.},
	Number = 4,
	Pages = {329--344},
	Title = {Efficient computation of zero-dimensional {G}r\"obner bases by change of ordering},
	Volume = 16,
	Year = 1993}

@article{Coppersmith94,
  author = 	 {Coppersmith, D.},
  title = 	 {Solving homogeneous linear equations over {GF}$(2)$ via block {W}iedemann algorithm},
  journal = 	 {Math. Comp.},
  year = 	 1994,
  volume = 	 62,
  number = 	 205,
  pages = 	 {333-350}}

@inproceedings{Steel15,
 author = {Steel, Allan},
 title = {Direct Solution of the (11,9,8)-MinRank Problem by the Block {W}iedemann Algorithm in {M}agma with a {T}esla {GPU}},
 booktitle = {PASCO '15},
 seriesOPT = {PASCO '15},
 year = {2015},
 isbn = {978-1-4503-3599-7},
 location = {Bath, United Kingdom},
 pages = {2--6},
 numpages = {5},
 url = {http://doi.acm.org/10.1145/2790282.2791392},
 doi = {10.1145/2790282.2791392},
 acmid = {2791392},
 publisher = {ACM},
 addressOPT = {New York, NY, USA},
} 

@article{Coppersmith93,
title = "Solving linear equations over {GF}(2): block {L}anczos algorithm",
journal = "Linear Algebra and its Applications",
volume = "192",
number = "",
pages = "33--60",
year = "1993",
note = "",
issn = "0024-3795",
doi = "http://dx.doi.org/10.1016/0024-3795(93)90235-G",
url = "http://www.sciencedirect.com/science/article/pii/002437959390235G",
author = "Don Coppersmith",}

@techreport{Villard97a,
  author = {G. Villard},
  title = {A study of {C}oppersmith's block {W}iedemann algorithm using matrix polynomials},
  institution = {LMC-IMAG, Report 975 IM},
  year = {1997}
}

@article{BrCoMoTs10,
  author = "J. Brachat and P. Comon and B. Mourrain and E. Tsigaridas",
  title = "Symmetric tensor decomposition",
  journal = "Linear Algebra and its Applications",
  volume = "433",
  number = "11",
  pages = "1851--1872",
  year = "2010",
  doiOPT = "https://doi.org/10.1016/j.laa.2010.06.046",
}

@inproceedings{Mourrain17,
 author = {Mourrain, B.},
 title = {Fast Algorithm for Border Bases of {A}rtinian {G}orenstein Algebras},
 booktitle = {ISSAC '17},
 seriesOPT = {ISSAC '17},
 year = {2017},
 isbn = {978-1-4503-5064-8},
 location = {Kaiserslautern, Germany},
 pages = {333--340},
 numpages = {8},
 url = {http://doi.acm.org/10.1145/3087604.3087632},
 doi = {10.1145/3087604.3087632},
 acmid = {3087632},
 publisher = {ACM},
 addressOPT = {New York, NY, USA},
 keywords = {artinian algebra, berlekamp-massey-sakata algorithm, border basis, gorenstein algebra, hankel matrix, linear recurrence relation},
} 
