@article{BoSaSc03,
	Author = {Bostan, A. and Salvy, B. and Schost, {\'E}.},
	Issue = {4},
	Journal = {Applicable Algebra in Engineering, Communication and Computing},
	Pages = {239--272},
	Title = {Fast Algorithms for Zero-Dimensional Polynomial Systems Using Duality},
	Volume = {14},
	Year = {2003}}

@article{Coppersmith93,
title = "Solving linear equations over {GF}(2): block {L}anczos algorithm",
journal = "Linear Algebra and its Applications",
volume = "192",
number = "",
pages = "33--60",
year = "1993",
note = "",
issn = "0024-3795",
doi = "http://dx.doi.org/10.1016/0024-3795(93)90235-G",
url = "http://www.sciencedirect.com/science/article/pii/002437959390235G",
author = "D. Coppersmith",}

@article{FaGiLaMo93,
	Author = {J.-C. Faug\`ere and P. Gianni and D. Lazard and T. Mora},
	Journal = {Journal of Symbolic Computation},
	Number = 4,
	Pages = {329--344},
	Title = {Efficient computation of zero-dimensional {G}r\"obner bases by change of ordering},
	Volume = 16,
	Year = 1993}

@article{FaMo17,
	Author = {Faug{\`e}re, J.-C. and Mou, C.},
	Journal = {Journal of Symbolic Computation},
	Pages = {538--569},
	Title = {Sparse {FGLM} algorithms},
	Volume = {80(3)},
	Year = {2017}}

@article {KaVi04,
    AUTHOR = {Kaltofen, E. and Villard, G.},
     TITLE = {On the complexity of computing determinants},
   JOURNAL = {Comput. Complexity},
  FJOURNAL = {Computational Complexity},
    VOLUME = {13},
      YEAR = {2004},
    NUMBER = {3-4},
     PAGES = {91--130},
      ISSN = {1016-3328},
     CODEN = {CPTCEU},
   MRCLASS = {68W30 (65F40 68Q25 68W20)},
  MRNUMBER = {2120701 (2005m:68263)},
MRREVIEWER = {Alexander I. Barvinok},
       DOI = {10.1007/s00037-004-0185-3},
       URL = {http://dx.doi.org/10.1007/s00037-004-0185-3},
}

@article{KalYuh13,
 author = {Kaltofen, Erich and Yuhasz, George},
 title = {On the Matrix {B}erlekamp-{M}assey Algorithm},
 journal = {ACM Transactions on Algorithms},
 volume = {9},
 number = {4},
 year = {2013},
 pages = {33:1--33:24},
}


@article{Rouillier99,
	Author = {Rouillier, F.},
	Journal = {Applicable Algebra in Engineering, Communication and Computing},
	Number = 5,
	Pages = {433--461},
	Title = {Solving zero-dimensional systems through the rational univariate representation},
	Volume = 9,
	Year = 1999}

@inproceedings{Villard97,
 author = {Villard, G.},
 title = {Further Analysis of {C}oppersmith's Block {W}iedemann Algorithm for the Solution of Sparse Linear Systems (Extended Abstract)},
 booktitle = {ISSAC'97},
 year = {1997},
 pages = {32--39},
 publisher = {ACM},
} 
