
@book{GaGe13,
	Address = {Cambridge},
	Author = {{J. von zur} Gathen and J. Gerhard},
	Edition = {Third},
	Publisher = {Cambridge University Press},
	Title = {Modern Computer Algebra},
	Year = {2013}}

@article {Bordelles02,
    AUTHOR = {Bordell\`es, O.},
     TITLE = {Explicit upper bounds for the average order of {$d_n(m)$} and
              application to class number},
   JOURNAL = {JIPAM. J. Inequal. Pure Appl. Math.},
  FJOURNAL = {JIPAM. Journal of Inequalities in Pure and Applied
              Mathematics},
    VOLUME = {3},
      YEAR = {2002},
    NUMBER = {3},
     PAGES = {Article 38, 15},
}
	
@article {Bordelles06,
    AUTHOR = {Bordell\`es, O.},
     TITLE = {An inequality for the class number},
   JOURNAL = {JIPAM. J. Inequal. Pure Appl. Math.},
  FJOURNAL = {JIPAM. Journal of Inequalities in Pure and Applied
              Mathematics},
    VOLUME = {7},
      YEAR = {2006},
    NUMBER = {3},
     PAGES = {Article 87, 8},
}
	
@Article{FaGiLaMo93,
  author = 	 {J.C. Faug\`ere and P. Gianni and D. Lazard and T. Mora},
  title = 	 {Efficient computation of zero-dimensional {G}r\"obner bases by change of ordering},
  journal = 	 {Journal of Symbolic Computation},
  year = 	 1993,
  volume =	 16,
  number =	 4,
  pages =	 {329--344}
}
@Article{BoSaSc03,
  author = 	 {Bostan, A. and Salvy, B. and Schost, {\'E}.},
  title = 	 {Fast Algorithms for Zero-Dimensional Polynomial
                  Systems Using Duality},
  journal = 	 {Applicable Algebra in Engineering, Communication and 
                 Computing},
  year =         {2003},
}

@ARTICLE{Mourrain97,
  author = {Mourrain, B.},
  title = {Isolated points, duality and residues},
  year = 1997,
  volume = {117/118},
  pages = {469--493},
  note = {Algorithms for algebra (Eindhoven, 1996)},
  journal = {Journal of Pure and Applied Algebra},
}
