@String{j-ACM =  "J. ACM"}
@String{j-AAECC = "Appl. Algebra Engrg. Comm. Comput."}
@String{j-Acta-Inf =  "Acta Inform."}
@String{j-Comp-Math =  "Composit. Math."}
@String{j-IEEE-IT = "IEEE Trans. Inf. Theory"}
@String{j-InfComp = "Inform. and Comput."}
@String{j-INFPL = "Inform. Process. Lett."}
@String{j-JCAM = "J. Comput. Appl. Math."}
@String{j-JCOMP = "J. Complexity"}
@String{j-NUM-ALG = "Numer. Algorithms"}
@String{j-JSC = "J. Symbolic Comput."}
@String{j-LAA =  "Linear Algebra Appl."}
@String{j-SIMAX = "SIAM J. Matrix Anal. Appl."}
@String{j-SICTRL = "SIAM Journal on Control"}
@String{j-SICOMP = "SIAM J. Comput."}
@String{j-SIAM = "SIAM J. Appl. Math."}
@String{j-Reine = "J. Reine Angew. Math."}
@String{j-TCS = "Theor. Comput. Sci."}
@String{j-MathComp = "Mathematics of Computation"}
@String{j-comp-comp = "Comput. Complexity"}
@String{j-IEEE-CirSys = "IEEE Trans. Circuits Syst."}
@String{j-JALG = "Journal of Algorithms"}
@String{j-IEEE-AT = "IEEE Trans. Automat. Control"}

@article{KalYuh13,
 author = {Kaltofen, Erich and Yuhasz, George},
 title = {On the Matrix {B}erlekamp-{M}assey Algorithm},
 journal = {ACM Trans. Algorithms},
 issue_date = {September 2013},
 volume = {9},
 number = {4},
 month = oct,
 year = {2013},
 issn = {1549-6325},
 pages = {33:1--33:24},
 articleno = {33},
 numpages = {24},
 url = {http://doi.acm.org/10.1145/2500122},
 doi = {10.1145/2500122},
 acmid = {2500122},
 publisher = {ACM},
 address = {New York, NY, USA},
}

@inproceedings{Thome01,
  author = {Thom{\'e}, E.},
  title = {Fast Computation of Linear Generators for Matrix Sequences and Application to the Block {W}iedemann Algorithm},
  booktitleOPT = {Proceedings of the 2001 International Symposium on Symbolic and Algebraic Computation},
  booktitle = {ISSAC'01},
  year = {2001},
  isbn = {1-58113-417-7},
  pages = {323--331},
  urlopt = {http://doi.acm.org/10.1145/384101.384145},
  doiOPT = {10.1145/384101.384145},
  publisher = {ACM},
} 

@article{Thome02,
  title = "Subquadratic Computation of Vector Generating Polynomials and Improvement of the Block {W}iedemann Algorithm",
  author = "Thom{\'e}, E.",
  journal = j-JSC,
  volume = "33",
  number = "5",
  pages = "757--775",
  year = "2002",
  issn = "0747-7171",
  doiOPT = "10.1006/jsco.2002.0533",
  urldoi = "http://dx.doi.org/10.1006/jsco.2002.0533",
  urlopt = "http://www.sciencedirect.com/science/article/pii/S074771710290533X",
}
