@String{j-ACM =  "J. ACM"}
@String{j-AAECC = "Appl. Algebra Engrg. Comm. Comput."}
@String{j-Acta-Inf =  "Acta Inform."}
@String{j-Comp-Math =  "Composit. Math."}
@String{j-IEEE-IT = "IEEE Trans. Inf. Theory"}
@String{j-InfComp = "Inform. and Comput."}
@String{j-INFPL = "Inform. Process. Lett."}
@String{j-JCAM = "J. Comput. Appl. Math."}
@String{j-JCOMP = "J. Complexity"}
@String{j-NUM-ALG = "Numer. Algorithms"}
@String{j-JSC = "J. Symbolic Comput."}
@String{j-LAA =  "Linear Algebra Appl."}
@String{j-SIMAX = "SIAM J. Matrix Anal. Appl."}
@String{j-SICTRL = "SIAM Journal on Control"}
@String{j-SICOMP = "SIAM J. Comput."}
@String{j-SIAM = "SIAM J. Appl. Math."}
@String{j-Reine = "J. Reine Angew. Math."}
@String{j-TCS = "Theor. Comput. Sci."}
@String{j-MathComp = "Mathematics of Computation"}
@String{j-comp-comp = "Comput. Complexity"}
@String{j-IEEE-CirSys = "IEEE Trans. Circuits Syst."}
@String{j-JALG = "Journal of Algorithms"}
@String{j-IEEE-AT = "IEEE Trans. Automat. Control"}

@book{DumFoo04,
   title = "Abstract Algebra",
   author = "Dummit, D. S. and Foote, R. M.",
   publisher = "John Wiley \& Sons",
   isbn = "0-471-43334-9",
   year = 2004
}

@article{ZhoLab12,
 author = {Zhou, W. and Labahn, G.},
 title = {Efficient Algorithms for Order Basis Computation},
 journal = j-JSC,
 volume = {47},
 year = {2012},
 number = {7},
 pages = {793--819},
 issn = {0747-7171},
 urldoi = {https://doi.org/10.1016/j.jsc.2011.12.009},
 url = {https://doi.org/10.1016/j.jsc.2011.12.009},
 doi = {10.1016/j.jsc.2011.12.009},
}

@inproceedings{JeNeScVi16,
  title = "Fast computation of minimal interpolation bases in {Popov} form for arbitrary shifts",
  author = "Jeannerod, C.-P. and Neiger, V. and Schost, \'E. and Villard, G.",
  booktitleOPT = {Proceedings of the ACM on International Symposium on Symbolic and Algebraic Computation},
  booktitle = "ISSAC'16",
  year = {2016},
  isbn = {978-1-4503-4380-0},
  location = {Waterloo, ON, Canada},
  pages = {295--302},
  numpages = {8},
  url = {https://doi.org/10.1145/2930889.2930928},
  urldoi = {https://doi.org/10.1145/2930889.2930928},
  doi = {10.1145/2930889.2930928},
  acmid = {2930928},
  publisher = {ACM},
} 

@article{BecLab94,
	author = {Beckermann, B. and Labahn, G.},
	title = {A Uniform Approach for the Fast Computation of Matrix-Type {P}ad\'e Approximants},
	journal = j-SIMAX,
	OPTissue_date = {July 1994},
	volume = {15},
	number = {3},
	OPTmonth = jul,
	year = {1994},
	issn = {0895-4798},
	pages = {804--823},
	numpages = {20},
	url = {https://doi.org/10.1137/S0895479892230031},
	urldoi = {https://doi.org/10.1137/S0895479892230031},
	doi = {10.1137/S0895479892230031},
	acmid = {181253},
	publisher = {Society for Industrial and Applied Mathematics},
	address = {Philadelphia, PA, USA},
	keywords = {Hankel matrices, Hermite Pade approximant, matrix Pade approximant, simultaneous Padeapproximant, vector Pade approximant},
} 

@article{BarBul92,
	author = {Van Barel, M. and Bultheel, A.},
	title = {A general module theoretic framework for vector 
                 {M-Pad\'e} and matrix rational interpolation},
	journal = j-NUM-ALG,
	volume = {3},
	pages = {451--462},
	year = {1992},
  url = {https://doi.org/10.1007/BF02141952},
  urldoi = {https://doi.org/10.1007/BF02141952},
  doi = {10.1007/BF02141952},
}

@inproceedings{GiJeVi03,
	author = {Giorgi, P. and Jeannerod, C.-P. and Villard, G.},
	title = {On the complexity of polynomial matrix computations},
	booktitle = {ISSAC'03},
	isbn = {1-58113-641-2},
	location = {Philadelphia, PA, USA},
	pages = {135--142},
	year={2003},
	numpages = {8},
	url = {https://doi.org/10.1145/860854.860889},
	urldoi = {https://doi.org/10.1145/860854.860889},
	doi = {10.1145/860854.860889},
	acmid = {860889},
	publisher = {ACM},
	keywords = {column reduced form, determinant, matrix gcd, matrix polynomial, minimal basis, polynomial matrix multiplication},
} 

@inproceedings{Villard97,
 author = {Villard, G.},
 title = {Further Analysis of {C}oppersmith's Block {W}iedemann Algorithm for the Solution of Sparse Linear Systems (Extended Abstract)},
 booktitle = {Proceedings of the 1997 International Symposium on Symbolic and Algebraic Computation},
 series = {ISSAC'97},
 year = {1997},
 isbn = {0-89791-875-4},
 location = {Kihei, Maui, Hawaii, USA},
 pages = {32--39},
 numpages = {8},
 url = {http://doi.acm.org/10.1145/258726.258742},
 doi = {10.1145/258726.258742},
 acmid = {258742},
 publisher = {ACM},
 address = {New York, NY, USA},
} 

@inproceedings{GioLeb14,
 author = {Giorgi, P. and Lebreton, R.},
 title = {Online Order Basis Algorithm and Its Impact on the Block {W}iedemann Algorithm},
 booktitleOPT = {Proceedings of the 39th International Symposium on Symbolic and Algebraic Computation},
 booktitle = {ISSAC'14},
 year = {2014},
 isbn = {978-1-4503-2501-1},
 location = {Kobe, Japan},
 pages = {202--209},
 numpages = {8},
 url = {https://doi.org/10.1145/2608628.2608647},
 doi = {10.1145/2608628.2608647},
 acmid = {2608647},
 publisher = {ACM},
 address = {New York, NY, USA},
} 

@article{MulSto03,
	author = {Mulders, T. and Storjohann, A.},
	title = {On lattice reduction for polynomial matrices},
	journal = j-JSC,
	volume = {35},
	issue = {4},
	year = {2003},
	issn = {0747-7171},
	pages = {377--401},
	numpages = {25},
        url = {https://doi.org/10.1016/S0747-7171(02)00139-6},
        doi = {10.1016/S0747-7171(02)00139-6},
	acmid = {937628},
	publisher = {Academic Press, Inc.},
	address = {Duluth, MN, USA},
	keywords = {Hermite form, Popov form, determinant, lattice reduction, polynomial matrices, rank profile},
} 

@book{Wolovich74,
  title={Linear Multivariable Systems},
  author={Wolovich, W. A.},
  series={Applied Mathematical Sciences},
  volume = {11},
  year={1974},
  publisher={Springer-Verlag New-York},
  doi = "10.1007/978-1-4612-6392-0",
}

@book{Kailath80,
  author = {Kailath, T.},
  title = {{Linear Systems}},
  publisher = {Prentice-Hall},
  year = {1980},
}

@article{Popov72,
  author = {Popov, V. M.},
  title = {Invariant Description of Linear, Time-Invariant Controllable Systems},
  journal = j-SICTRL,
  volume = {10},
  number = {2},
  pages = {252--264},
  year = {1972},
  doi = {10.1137/0310020},
  url = {https://doi.org/10.1137/0310020},
}

@phdthesis{Turner02,
	Author = {Turner, W. J.},
  School = {{North Carolina State University}},
	Title = {{Black box linear algebra with the LINBOX library}},
	Year = {2002}
}

@inproceedings{KalVil01,
  AUTHOR = {Kaltofen, E. and Villard, G.},
  TITLE = {On the complexity of computing determinants},
  booktitle = {ISSAC'01},
  year = {2001},
  pages = {13--27},
  publisher = {ACM},
}

@article{Coppersmith93,
  title = "Solving linear equations over {GF}(2): block {L}anczos algorithm",
  journal = j-LAA,
  author = "Coppersmith, D.",
  volume = "192",
  number = "",
  pages = "33--60",
  year = "1993",
  note = "",
  issn = "0024-3795",
  doi = "10.1016/0024-3795(93)90235-G",
}

@article{KalYuh13,
 author = {Kaltofen, Erich and Yuhasz, George},
 title = {On the Matrix {B}erlekamp-{M}assey Algorithm},
 journal = {ACM Trans. Algorithms},
 issue_date = {September 2013},
 volume = {9},
 number = {4},
 month = oct,
 year = {2013},
 issn = {1549-6325},
 pages = {33:1--33:24},
 articleno = {33},
 numpages = {24},
 url = {http://doi.acm.org/10.1145/2500122},
 doi = {10.1145/2500122},
 acmid = {2500122},
 publisher = {ACM},
 address = {New York, NY, USA},
}

@inproceedings{Thome01,
  author = {Thom{\'e}, E.},
  title = {Fast Computation of Linear Generators for Matrix Sequences and Application to the Block {W}iedemann Algorithm},
  booktitle = {ISSAC'01},
  year = {2001},
  isbn = {1-58113-417-7},
  pages = {323--331},
  urlopt = {http://doi.acm.org/10.1145/384101.384145},
  doiOPT = {10.1145/384101.384145},
  publisher = {ACM},
} 

@article{Thome02,
  title = "Subquadratic Computation of Vector Generating Polynomials and Improvement of the Block {W}iedemann Algorithm",
  author = "Thom{\'e}, E.",
  journal = j-JSC,
  volume = "33",
  number = "5",
  pages = "757--775",
  year = "2002",
  issn = "0747-7171",
  doiOPT = "10.1006/jsco.2002.0533",
  urldoi = "http://dx.doi.org/10.1006/jsco.2002.0533",
  urlopt = "http://www.sciencedirect.com/science/article/pii/S074771710290533X",
}

@article {KaVi04,
    AUTHOR = {Kaltofen, E. and Villard, G.},
     TITLE = {On the complexity of computing determinants},
   JOURNAL = j-comp-comp,
  FJOURNAL = {Computational Complexity},
    VOLUME = {13},
      YEAR = {2004},
    NUMBER = {3-4},
     PAGES = {91--130},
      ISSN = {1016-3328},
     CODEN = {CPTCEU},
   MRCLASS = {68W30 (65F40 68Q25 68W20)},
  MRNUMBER = {2120701 (2005m:68263)},
MRREVIEWER = {Alexander I. Barvinok},
       DOI = {10.1007/s00037-004-0185-3},
       URL = {http://dx.doi.org/10.1007/s00037-004-0185-3},
}

@article{FaMo17,
	Author = {Faug{\`e}re, J.-C. and Mou, C.},
	Journal = j-JSC,
	Pages = {538--569},
	Title = {Sparse {FGLM} algorithms},
	Volume = {80(3)},
	Year = {2017}}


@article{Rouillier99,
	Author = {Rouillier, F.},
	Journal = j-AAECC,
	Number = 5,
	Pages = {433--461},
	Title = {Solving zero-dimensional systems through the rational univariate representation},
	Volume = 9,
	Year = 1999}


@article{FaGiLaMo93,
	Author = {J.-C. Faug\`ere and P. Gianni and D. Lazard and T. Mora},
	Journal = j-JSC,
	Number = 4,
	Pages = {329--344},
	Title = {Efficient computation of zero-dimensional {G}r\"obner bases by change of ordering},
	Volume = 16,
	Year = 1993}


@article{BoSaSc03,
	Author = {Bostan, A. and Salvy, B. and Schost, {\'E}.},
	Issue = {4},
	Journal = j-AAECC,
	Pages = {239--272},
	Title = {Fast Algorithms for Zero-Dimensional Polynomial Systems Using Duality},
	Volume = {14},
	Year = {2003}}

@phdthesis{Neiger16,
	Author = {Neiger, V.},
	Month = Nov,
	Number = {2016LYSEN052},
	Pdf = {https://tel.archives-ouvertes.fr/tel-01431413/file/thesis.pdf},
	School = {{{\'E}cole Normale Sup{\'e}rieure de Lyon}},
	Title = {{Bases of relations in one or several variables: fast algorithms and applications}},
	Year = {2016}}

@unpublished{FaGaHuRe13,
	Author = {Faug{\`e}re, J.-C. and Gaudry, P. and Huot, L. and Renault, G.},
	Hal_Id = {hal-00816724},
	Hal_Version = {v1},
	Keywords = {Polynomial systems solving ; Gr{\"o}bner basis ; Change of ordering ; Fast matrix multiplication},
	Note = {https://hal.archives-ouvertes.fr/hal-00816724},
	Pdf = {https://hal.archives-ouvertes.fr/hal-00816724/file/FGHR13.pdf},
	Title = {{Polynomial Systems Solving by Fast Linear Algebra}},
	Url = {https://hal.archives-ouvertes.fr/hal-00816724},
	Year = {2013},
	Bdsk-Url-1 = {https://hal.archives-ouvertes.fr/hal-00816724},
}

@article{Wiedemann86,	
	Author = {Wiedemann, D.},
	title = {Solving sparse linear equations over finite fields},
	Journal = j-IEEE-IT,
	volume = {IT-32},
	Pages = {54--62},
	Year = {1986}}

@techreport{Villard97a,
    author = {G. Villard},
    title = {A study of {C}oppersmith's block {W}iedemann algorithm using matrix polynomials},
    institution = {LMC-IMAG, Report 975 IM},
    year = {1997}
}

@inproceedings{Steel15,
  author = {Steel, A.},
  title = {Direct Solution of the (11,9,8)-MinRank Problem by the Block Wiedemann Algorithm in Magma with a Tesla GPU},
  booktitle = {Proceedings of the 2015 International Workshop on Parallel Symbolic Computation},
  series = {PASCO'15},
  year = {2015},
  isbn = {978-1-4503-3599-7},
  location = {Bath, United Kingdom},
  pages = {2--6},
  numpages = {5},
  doi = {10.1145/2790282.2791392},
  acmid = {2791392},
  publisher = {ACM},
  address = {New York, NY, USA},
}

@book {GaGe13,
    Author = {J. Gathen and J. Gerhard},
     TITLE = {Modern Computer Algebra},
   EDITION = {Third},
 PUBLISHER = {Cambridge University Press},
   ADDRESS = {Cambridge},
      YEAR = {2013},
}

@ARTICLE{Mourrain97,
  author = {Mourrain, B.},
  title = {Isolated points, duality and residues},
  year = 1997,
  volume = {117/118},
  pages = {469--493},
  note = {Algorithms for algebra (Eindhoven, 1996)},
  journal = {Journal of Pure and Applied Algebra},
}

@ARTICLE{Stor03,
	author={Storjohann, A.},
	title={High-order lifting and integrality certification},
	journal=j-JSC,
	year = {2003},
	pages ={613--648},
	issue = {3-4},
	volume = {36}
}
